<?xml version="1.0" encoding="UTF-8"?><collection xmlns="http://www.loc.gov/MARC21/slim"><record><leader>00396nam--2200145-i-4500</leader><controlfield tag="001">000011077</controlfield><controlfield tag="002">20161230</controlfield><controlfield tag="005">20161230201029</controlfield><controlfield tag="008">060222s1000------------r-----000-0-eng-d</controlfield><datafield ind1=" " ind2=" " tag="080"><subfield code="a">620.179.1(016)</subfield></datafield><datafield ind1=" " ind2=" " tag="245"><subfield code="a">Bibliography of non-destructive assay methods for nuclear material safeguards</subfield></datafield><datafield ind1=" " ind2=" " tag="260"><subfield code="a">Washington,Usaec.1972. 87 P</subfield></datafield><datafield ind1=" " ind2=" " tag="490"><subfield code="a">Wash</subfield></datafield><datafield ind1=" " ind2=" " tag="700"><subfield code="a">Edwards,Raymond R</subfield></datafield><datafield ind1=" " ind2=" " tag="852"><subfield code="a">D.1349</subfield></datafield></record></collection>